@article{amazonnature,
	author = {Gabriel Popkin},
	title = {Satellite alerts track deforestation in real time},
	journal = {Nature},
	year = {2016},
	volume = {530},
	pages = {392-393},
	number = {52},
	month = {February}
}

@misc{amazonkaggle,
	title="https://www.kaggle.com/c/planet-understanding-the-amazon-from-space",
	url="https://www.kaggle.com/c/planet-understanding-the-amazon-from-space"
}
